<record><leader>00000cas a2200000 a 4500</leader><controlfield tag="001">38849918</controlfield><controlfield tag="008">980326d189u1uuumiuwr n       0    0eng c</controlfield><datafield ind1=" " ind2=" " tag="010"><subfield code="a">sn 98066187 </subfield></datafield><datafield ind1=" " ind2=" " tag="040"><subfield code="a">MHN</subfield><subfield code="b">eng</subfield><subfield code="c">MHN</subfield><subfield code="d">OCL</subfield><subfield code="d">MHN</subfield><subfield code="d">OCLCQ</subfield><subfield code="d">OCLCF</subfield><subfield code="d">OCLCO</subfield></datafield><datafield ind1="1" ind2=" " tag="029"><subfield code="a">AU@</subfield><subfield code="b">000013904091</subfield></datafield><datafield ind1=" " ind2=" " tag="042"><subfield code="a">pcc</subfield></datafield><datafield ind1=" " ind2=" " tag="043"><subfield code="a">n-us-mi</subfield></datafield><datafield ind1="0" ind2="0" tag="245"><subfield code="a">Alpena journal.</subfield></datafield><datafield ind1=" " ind2=" " tag="260"><subfield code="a">Alpena, Mich. :</subfield><subfield code="b">Arthur T. Reed</subfield></datafield><datafield ind1=" " ind2=" " tag="300"><subfield code="a">v.</subfield></datafield><datafield ind1=" " ind2=" " tag="310"><subfield code="a">Weekly</subfield></datafield><datafield ind1=" " ind2=" " tag="588"><subfield code="a">Description based on: Vol. 9, no. 10 (Apr. 30, 1892).</subfield></datafield><datafield ind1=" " ind2="0" tag="651"><subfield code="a">Alpena (Mich.)</subfield><subfield code="v">Newspapers.</subfield></datafield><datafield ind1=" " ind2="0" tag="651"><subfield code="a">Alpena County (Mich.)</subfield><subfield code="v">Newspapers.</subfield></datafield><datafield ind1=" " ind2="7" tag="655"><subfield code="a">Newspapers.</subfield><subfield code="2">fast</subfield><subfield code="0">(OCoLC)fst01423814</subfield></datafield><datafield ind1=" " ind2="7" tag="651"><subfield code="a">Michigan</subfield><subfield code="z">Alpena.</subfield><subfield code="2">fast</subfield><subfield code="0">(OCoLC)fst01217114</subfield></datafield><datafield ind1=" " ind2="7" tag="651"><subfield code="a">Michigan</subfield><subfield code="z">Alpena County.</subfield><subfield code="2">fast</subfield><subfield code="0">(OCoLC)fst01224418</subfield></datafield><datafield ind1=" " ind2=" " tag="752"><subfield code="a">United States</subfield><subfield code="b">Michigan</subfield><subfield code="c">Alpena</subfield><subfield code="d">Alpena.</subfield></datafield><datafield ind1="0" ind2="0" tag="780"><subfield code="t">Labor journal (Alpena, Mich.)</subfield><subfield code="w">(DLC)sn 95077640</subfield><subfield code="w">(OCoLC)34041707</subfield></datafield></record>